@unpublished{tarea-1-sdc,
    author = {Pacheco, Bruno and Rozas, Peter},
    title = {Tarea 1 Sistemas de Control},
    year = {2024},
    month = {09},
}

@booklet{apunte-sld,
		title 				= {Apuntes Sistemas Lineales Dinámicos},
		url 					= {http://www.udec.cl/jose.espinoza},
		institution 	= {Departamento de Ingeniería Eléctrica},
		school 				= {Universidad de Concepción},
		author 				= {Espinoza, José and Sbárbaro, Daniel},
		year 					= {2024},
}

@booklet{apunte-control,
		title 				= {Apuntes Sistemas de Control},
		url 					= {http://www.udec.cl/jose.espinoza},
		institution 	= {Departamento de Ingeniería Eléctrica},
		school 				= {Universidad de Concepción},
		author 				= {Espinoza, José},
		year 					= {2024},
}

@book{ogata,
		edition				= {5},
		title					= {Modern Control Engineering},
		isbn					= {9780136156734},
		url						= {https://www.pearson.com/en-us/subject-catalog/p/modern-control-engineering/P200000003521/9780137551064},
		language			= {English},
		publisher			= {Pearson},
		author 				= {Ogata, Katsuhiko},
		year					= {2010},
}

@book{dorf,
		edition				= {12},
		title					= {Modern Control Systems},
		isbn					= {9789332518629},
		url						= {https://www.pearson.com/en-gb/subject-catalog/p/modern-control-systems-global-edition/P200000004089/9781292426488},
		language			= {English},
		publisher			= {Pearson},
		author 				= {Dorf, Richard C. and Bishop, Robert H.},
		year					= {2014},
}
